<?xml version="1.0" encoding="UTF-8"?><collection xmlns="http://www.loc.gov/MARC21/slim"><record><leader>00390nam--2200145-i-4500</leader><controlfield tag="001">000003242</controlfield><controlfield tag="002">20161230</controlfield><controlfield tag="005">20161230201025</controlfield><controlfield tag="008">060222s1000------------r-----000-0-eng-d</controlfield><datafield ind1=" " ind2=" " tag="080"><subfield code="a">334</subfield></datafield><datafield ind1=" " ind2=" " tag="245"><subfield code="a">Nuclear reactors for research</subfield></datafield><datafield ind1=" " ind2=" " tag="260"><subfield code="a">New York, Van Nostrand, 1957 Xii + 267 P</subfield></datafield><datafield ind1=" " ind2=" " tag="490"><subfield code="a">Geneva Series On Peaceful Uses Of Atomic Energ Y</subfield></datafield><datafield ind1=" " ind2=" " tag="700"><subfield code="a">Beck, Clifford</subfield></datafield><datafield ind1=" " ind2=" " tag="852"><subfield code="a">12975</subfield></datafield></record></collection>